<?xml version="1.0" encoding="UTF-8"?><record xmlns="http://www.loc.gov/MARC21/slim" xmlns:xsi="http://www.w3.org/2001/XMLSchema-instance" xsi:schemaLocation="http://www.loc.gov/MARC21/slim http://www.loc.gov/standards/marcxml/schema/MARC21slim.xsd">
    <leader>03054cas  2200481 a 4500</leader>
    <controlfield tag="001">ocm13451650 </controlfield>
    <controlfield tag="003">OCoLC</controlfield>
    <controlfield tag="005">20040708132650.0</controlfield>
    <controlfield tag="008">860418d19451946gw dr ne     o0    0eng d</controlfield>
    <datafield tag="010" ind1=" " ind2=" ">
      <subfield code="a">20001931</subfield>
    </datafield>
    <datafield tag="040" ind1=" " ind2=" ">
      <subfield code="a">CRL</subfield>
      <subfield code="c">CRL</subfield>
      <subfield code="d">NYG</subfield>
      <subfield code="d">OCL</subfield>
      <subfield code="d">TGN</subfield>
      <subfield code="d">CRL</subfield>
      <subfield code="d">NVF</subfield>
      <subfield code="d">OCLCQ</subfield>
    </datafield>
    <datafield tag="019" ind1=" " ind2=" ">
      <subfield code="a">18535672</subfield>
    </datafield>
    <datafield tag="042" ind1=" " ind2=" ">
      <subfield code="a">lcd</subfield>
    </datafield>
    <datafield tag="043" ind1=" " ind2=" ">
      <subfield code="a">e-gw---</subfield>
    </datafield>
    <datafield tag="050" ind1=" " ind2="4">
      <subfield code="a">D731</subfield>
      <subfield code="b">.S7215</subfield>
    </datafield>
    <datafield tag="130" ind1="0" ind2=" ">
      <subfield code="a">Stars and stripes (Altdorf, Nürnberger Land, Germany : Southern Germany ed.)</subfield>
    </datafield>
    <datafield tag="245" ind1="0" ind2="4">
      <subfield code="a">The stars and stripes.</subfield>
    </datafield>
    <datafield tag="246" ind1="1" ind2=" ">
      <subfield code="i">Title in publisher's statement:</subfield>
      <subfield code="a">Stars and stripes Nürnberg</subfield>
    </datafield>
    <datafield tag="250" ind1=" " ind2=" ">
      <subfield code="a">Southern Germany ed.</subfield>
    </datafield>
    <datafield tag="260" ind1=" " ind2=" ">
      <subfield code="a">Altdorf, Bavaria, Germany :</subfield>
      <subfield code="b">Information and Education Division, ETOUSA,</subfield>
      <subfield code="c">1945-1946.</subfield>
    </datafield>
    <datafield tag="300" ind1=" " ind2=" ">
      <subfield code="a">v.</subfield>
    </datafield>
    <datafield tag="310" ind1=" " ind2=" ">
      <subfield code="a">Daily,</subfield>
      <subfield code="b">Dec. 2, 1945-Apr. 17, 1946</subfield>
    </datafield>
    <datafield tag="321" ind1=" " ind2=" ">
      <subfield code="a">Daily,</subfield>
      <subfield code="b">May 8-Oct. 27, 1945</subfield>
    </datafield>
    <datafield tag="321" ind1=" " ind2=" ">
      <subfield code="a">Daily (except Sunday),</subfield>
      <subfield code="b">Oct. 29-Nov. 30, 1945</subfield>
    </datafield>
    <datafield tag="362" ind1="0" ind2=" ">
      <subfield code="a">Vol. 1, no. 1 (May 8, 1945)-v. 2, no. 106 (Apr. 17, 1946).</subfield>
    </datafield>
    <datafield tag="500" ind1=" " ind2=" ">
      <subfield code="a">"Daily Newspaper of U.S. Armed Forces in the European Theater of Operations," May 8, 1945-&lt;May 21, 1945&gt;; "Newspaper of U.S. Armed Forces in the European Theater," &lt;Aug. 15, 1945&gt;-Nov. 3, 1945; "Unofficial Newspaper of U.S. Armed Forces in the European Theater," Nov. 5, 1945-Apr. 17, 1946.</subfield>
    </datafield>
    <datafield tag="500" ind1=" " ind2=" ">
      <subfield code="a">Official publication was preceeded by a "dry run" issue dated May 1, 1945.</subfield>
    </datafield>
    <datafield tag="515" ind1=" " ind2=" ">
      <subfield code="a">Issue for Aug. 15, 1945 also published in 2nd ed. called "Victory ed."</subfield>
    </datafield>
    <datafield tag="525" ind1=" " ind2=" ">
      <subfield code="a">Has suppl. published on Wednesday with title: Midweek in Central Europe, Aug. 22-Sept. 19, 1945; and: Midweek, Sept. 26, 1946-&lt;Jan. 16, 1946&gt;</subfield>
    </datafield>
    <datafield tag="525" ind1=" " ind2=" ">
      <subfield code="a">"Souvenir" supplement published summer 1945.</subfield>
    </datafield>
    <datafield tag="530" ind1=" " ind2=" ">
      <subfield code="a">Also available on microfilm from New York Public Library and International Microfilm Press.</subfield>
    </datafield>
    <datafield tag="550" ind1=" " ind2=" ">
      <subfield code="a">Published under auspices of: Information and Education Division, ETOUSA, May 8-21, 1945; Information and Education Division, TSFET, Aug. 15, 1945-Feb. 7, 1946; Information and Education Section, USFET, Feb. 8-10, 1946; Information and Education Service, USFET, Feb. 11-Apr. 17, 1946.</subfield>
    </datafield>
    <datafield tag="580" ind1=" " ind2=" ">
      <subfield code="a">Merged with: Stars and stripes (Pfungstadt, Germany : Germany ed.), to form: Stars and stripes (Altdorf, Nürnberger Land, Germany : European ed.).</subfield>
    </datafield>
    <datafield tag="650" ind1=" " ind2="0">
      <subfield code="a">World War, 1939-1945</subfield>
      <subfield code="v">Newspapers.</subfield>
    </datafield>
    <datafield tag="651" ind1=" " ind2="0">
      <subfield code="a">Altdorf (Nürnberger Land, Germany)</subfield>
      <subfield code="v">Newspapers.</subfield>
    </datafield>
    <datafield tag="710" ind1="1" ind2=" ">
      <subfield code="a">United States.</subfield>
      <subfield code="b">Army.</subfield>
      <subfield code="b">European Theater of Operations.</subfield>
      <subfield code="b">Information and Education Division.</subfield>
    </datafield>
    <datafield tag="710" ind1="1" ind2=" ">
      <subfield code="a">United States.</subfield>
      <subfield code="b">Army.</subfield>
      <subfield code="b">Forces in the European Theater.</subfield>
      <subfield code="b">Information and Education Division.</subfield>
    </datafield>
    <datafield tag="710" ind1="1" ind2=" ">
      <subfield code="a">United States.</subfield>
      <subfield code="b">Army.</subfield>
      <subfield code="b">Forces in the European Theater.</subfield>
      <subfield code="b">Information and Education Section.</subfield>
    </datafield>
    <datafield tag="710" ind1="1" ind2=" ">
      <subfield code="a">United States.</subfield>
      <subfield code="b">Army.</subfield>
      <subfield code="b">Forces in the European Theater.</subfield>
      <subfield code="b">Information and Education Service.</subfield>
    </datafield>
    <datafield tag="752" ind1=" " ind2=" ">
      <subfield code="a">Germany</subfield>
      <subfield code="b">Nürnberger Land</subfield>
      <subfield code="d">Altdorf.</subfield>
    </datafield>
    <datafield tag="785" ind1="1" ind2="7">
      <subfield code="t">Stars and stripes (Pfungstadt, Germany : Germany ed.)</subfield>
      <subfield code="w">(DLC)sn 88075788</subfield>
      <subfield code="w">(OCoLC)13452016</subfield>
    </datafield>
    <datafield tag="785" ind1="1" ind2="7">
      <subfield code="t">Stars and stripes (Altdorf, Nürnberger Land, Germany : European ed.)</subfield>
      <subfield code="w">(DLC)sn 88075785</subfield>
      <subfield code="w">(OCoLC)18535379</subfield>
    </datafield>
    <datafield tag="850" ind1=" " ind2=" ">
      <subfield code="a">ICRL</subfield>
    </datafield>
  </record>
